% Encoding: windows-1252

  @Manual{Soiltexture2016,
    title = {\href{https://CRAN.R-project.org/package=soiltexture}{soiltexture: Functions for Soil Texture Plot, Classification and
Transformation}},
    author = {Julien Moeys},
    year = {2016},
    note = {R package version 1.4.1}
  }


@Article{BevenKirkby1979hsb,
  Title                    = {A physically based, variable contributing area model of basin hydrology},
  Author                   = {K.J. Beven and M.J. Kirkby},
  Journal                  = {Hydrological Sciences Bulletin},
  Year                     = {1979},
  Number                   = {1},
  Pages                    = {43-69},
  Volume                   = {24}
}

@article{FraleyRaftery2002jasa,
    author = {Fraley, C. and Raftery, A.},
    journal = {Journal of the American Statistical Association},
    number = {458},
    pages = {611--631},
    title = {{Model-Based} Clustering, Discriminant Analysis, and Density Estimation},
    volume = {97},
    year = {2002}
}

@inbook{Bock-etal2007,
    address = {Luxemburg},
    author = {Bock, M. and Boehner, J. and Conrad, O. and Koethe, R. and Ringeler, A.},
    booktitle = {Status and prospect of soil information in south-eastern {E}urope: soil databases, projects and applications},
    citeulike-article-id = {14445823},
    editor = {Hengl, T. and Panagos, P. and Jones, A. and Toth, G.},
    keywords = {dsm, terrain-analysis},
    pages = {149--162},
    posted-at = {2017-10-05 14:54:47},
    priority = {2},
    publisher = {Office for Official Publications of the European Communities},
    series = {Scientific and Technical Research series},
    title = {Methods for creating Functional Soil Databases and applying {D}igital {S}oil {M}apping with {SAGA GIS}},
    year = {2007}
}





@article{Gutteck1999,
  author = {Gutteck, U.},
  title = {Digitalisierung von {A}ltdaten der {B}odensch{\"a}tzung},
  journal = {Berichte des Landesamtes f{\"u}r Umweltschutz Sachsen-Anhalt},
  volume={32},
  year = {1999},
  pages = {3-17}
}

@INPROCEEDINGS{Hartmann2005,
  author = {Hartmann, K.-J.},
  title = {Bereitstellung von {I}nformationen der bodenkundlichen {L}andesaufnahme zur {B}ewertung von {B}odenfunktionen},
  booktitle = {GIS-gest"utzte Bewertung von Bodenfunktionen -- Datengrundlagen und
	L"osungsans"atze},
  year = {2005},
  editor = {M"oller, M. and Helbig, H.},
  pages = {27-34},
  address = {Heidelberg},
  publisher = {Wichmann}
}

@INPROCEEDINGS{Hartmann2006,
  author = {Hartmann, K.-J.},
  title = {Bodenkundliche {B}asisinformationen},
  booktitle = {Bodenbericht Sachsen-Anhalt},
  year = {2006},
  editor = {Feldhaus, D. and Hartmann, K.-J.},
  pages = {72-87},
  series={Mitteilungen zu Geologie und Bergwesen in Sachsen-Anhalt, 11}, 
  address = {Halle (Saale)},
  publisher = {Landesamt f{\"u}r Geologie und Bergwesen Sachsen-Anhalt}
}

@INPROCEEDINGS{Kainz2006,
  author = {Kainz, W. and Fleischer, C.},
  title = {B{\"o}den in {S}achsen-{A}nhalt},
  booktitle = {Bodenbericht Sachsen-Anhalt},
  year = {2006},
  editor = {Feldhaus, D. and Hartmann, K.-J.},
  pages = {33-52},
  series={Mitteilungen zu Geologie und Bergwesen in Sachsen-Anhalt, 11}, 
  address = {Halle (Saale)},
  publisher = {Landesamt f{\"u}r Geologie und Bergwesen Sachsen-Anhalt}
}

@INPROCEEDINGS{Hartmann2014,
  author = {Hartmann, K.-J.},
  title = {Die vorl{\"a}ufige {B}odenkarte ({VBK} 50) des {L}andes {S}achsen-{A}nhalt -- {G}rundlagen, {M}ethoden und {A}nwendungen},
  booktitle = {Bodenbericht Sachsen-Anhalt},
  year = {2014},
  editor = {Wansa, S. and Hartmann, K.-J.},
  pages = {5-20},
  series={Mitteilungen zu Geologie und Bergwesen in Sachsen-Anhalt, 18},
  address = {Halle (Saale)},
  publisher = {Landesamt f{\"u}r Geologie und Bergwesen Sachsen-Anhalt}
}


@Inproceedings{Brenning2008rsaga,
    author = {Alexander Brenning},
    title = {Statistical geocomputing combining {R} and {SAGA}: The example of landslide susceptibility analysis with generalized additive models},
    booktitle = {SAGA -- Seconds Out},
    volume = {19},
    series ={Hamburger Beitraege zur Physischen Geographie und Landschaftsoekologie},
    editor = {J. Boehner, T. Blaschke, L. Montanarella},
    year = {2008},
    pages = {23-32},
  }

@Manual{R2015,
    title = {R: A Language and Environment for Statistical Computing},
    author = {{R Core Team}},
    organization = {R Foundation for Statistical Computing},
    address = {Vienna, Austria},
    year = {2015},
    url = {http://www.R-project.org/},
  }
  
@Book{Davis2002,
  Title                    = {Statistics and data analysis in geology},
  Author                   = {Davis, J.C.},
  Publisher                = {John Wiley \& Sons},
  Year                     = {2002},
  Address                  = {New York},
  Owner                    = {Administrator},
  Timestamp                = {2010.06.02}
}

 @Article{Hiemstra-etal2008cg,
    title = {\href{http://dx.doi.org/10.1016/j.cageo.2008.10.011}{Real-time automatic interpolation of ambient gamma dose rates from the {Dutch Radioactivity Monitoring Network}}},
    author = {P.H. Hiemstra and E.J. Pebesma and C.J.W. Twenh"{o}fel and G.B.M. Heuvelink},
    journal = {Computers \& Geosciences},
    year = {2008}
  }

@Book{KuhnJohnson2013apm,
  Title                    = {Applied Predictive Modeling},
  Author                   = {Kuhn, Max and Johnson, Kjell},
  Publisher                = {Springer},
  Year                     = {2013},
  Address                  = {New York, Heidelberg, Dordrecht, London}
}

@Manual{Kuhn2014caret,
  Title                    = {\href{http://CRAN.R-project.org/package=caret}{caret: Classification and Regression Training}},
  Author                   = {Max Kuhn and Jed Wing and Steve Weston and Andre Williams and Chris Keefer and Allan Engelhardt and Tony Cooper and Zachary Mayer},
  Note                     = {R package version 6.0-24},
  Year                     = {2014}
}

@Article{Breiman2001,
  Title                    = {\href{http://dx.doi.org/10.1023/A:1010933404324}{Random Forests}},
  Author                   = {Breiman, Leo},
  Journal                  = {Machine Learning},
  Year                     = {2001},
  Pages                    = {5-32},
  Volume                   = {45},

  Address                  = {Hingham, MA, USA},
  Publisher                = {Kluwer Academic Publishers}
}

@Article{Gerstmann-etal2016compag,
  Title                    = {\href{https://dl.dropboxusercontent.com/u/108263707/_articles/Gerstmann-etal2016compag.pdf}{PHASE: A geostatistical model for the Kriging-based spatial prediction of crop phenology using public phenological and climatological observations}},
  Author                   = {Gerstmann, Henning  and Doktor, Daniel and Gl{\"a}{\ss}er, Cornelia  and M\"{o}ller, Markus},
  Journal                  = {Computers and Elelctronics in Agriculture},
  Year                     = {2016},
  Pages                    = {726-738},
  Volume                   = {127}
}

@BOOK{WilsonGallant2000,
  title = {Terrain Analysis -- Principles and Applications},
  publisher = {John Wiley \& Sons},
  year = {2000},
  author = {Wilson, J.P. and Gallant, J.C.},
  address = {New York},
}

@book{HenglReuter2009Elsevier,
    address = {Amsterdam},
    editor = {Hengl, T. and Reuter, H.I.},
    keywords = {analysis, geomorphological, geomorphometry, terrain},
    organization = {Elsevier},
    pages = {772},
    posted-at = {2011-08-11 11:50:23},
    priority = {2},
    publisher = {Elsevier},
    title = {\href{http://dl.dropbox.com/u/108263707/\_book/HenglReuter2009.pdf}{Geomorphometry: Concepts, Software, Applications}},
    volume = {33},
    year = {2009}
}

@Article{Gerstmann-etal2016jag,
  Title                    = {\href{https://dl.dropboxusercontent.com/u/108263707/_articles/Gerstmann-etal2016jag.pdf}{Multi-temporal spectral separability assessment and spectral band selection for classification of cereal crops using multi-spectral {RapidEye} imagery}},
  Author                   = {Gerstmann, Henning and M\"{o}ller, Markus and and Gl{\"a}{\ss}er, Cornelia},
  Journal                  = {International Journal of Applied Earth Observation and Geoinformation},
  Year                     = {2016},
  Pages                    = {115-125},
  Volume                   = {52}
}

@TechReport{KoetheLehmeier1996sara,
  Title                    = {{SARA} -- System zur Automatischen Relief-Analyse. User Manual},
  Author                   = {Koethe, R. and  Lehmeier, F.},
  Institution              = {Department of Geography, University of Goettingen, Germany},
  Year                     = {1996},
}

@TechReport{KoetheWurbs2017lagb,
  Title                    = {Kurzdokumentation zur Aufbereitung des Laser-DGM und Berechnung geomorphometrischer Reliefparameter f{\"u}r das Land Sachsen-Anhalt},
  Author                   = {K{\"o}ther, R. and Wurbs, D.},
  Institution              = {scilands GmbH und geoflix GbR im Auftrag des Landesamtes f{\"u}r Geologie und Rohstoffe Sachsen-Anhalt},
  Year                     = {2017},
  Address                  = {G{\"o}ttingen/Halle (Saale)},
	url											 = {http://probosa.de/?q=node/16}
}

@TechReport{Dehner2005,
  Title                    = {Entwicklung von Standardprofilen f{\"u}r Klassenzeichen der Bodensch{\"a}tzung},
  Author                   = {Dehner, U.},
  Institution              = {Dokumentationsbericht im Auftrag des Landesamtes f{\"u}r Geologie und Bergwesen Sachsen-Anhalt},
  Year                     = {2005},
  Address                  = {Halle (Saale)}
}

@TechReport{Abiy2008,
  Title                    = {Reliefbezogene Validierung von Grablochbeschrieben der Bodensch{\"a}tzung in Sachsen-Anhalt},
  Author                   = {Abiy, M.},
  Institution              = {Dokumentationsbericht im Auftrag des Landesamtes f{\"u}r Geologie und Bergwesen Sachsen-Anhalt},
  Year                     = {2008},
  Address                  = {Halle (Saale)}
}

@article {GallantDowling2003wrr,
author = {Gallant, John C. and Dowling, Trevor I.},
title = {A multiresolution index of valley bottom flatness for mapping depositional areas},
journal = {Water Resources Research},
year= {2003},
volume = {39},
number = {12},
pages = {1347-1359}
}

@Book{NBIS2003,
  title     = {Bearbeitung, {\"U}bersetzung und Auswertung digitaler Bodensch{\"a}tzungsdaten},
  publisher = {Schweizerbart Science Publishers},
  year      = {2003},
  author    = {{NLfB}},
  number    = {1},
  series    = {Arbeitshefte Boden},
  address   = {Stuttgart, Germany},
  month     = {08},
  note      = {Nieders{\"a}chsisches Landesamt f{\"u}r Bodenforschung},
  url       = {http://www.schweizerbart.de//publications/detail/artno/185042100/Arbeitshefte\_Boden\_H\_2003\_1},
}

@Article{Yokoyama-etal2002pers,
  Title                    = {Visualizing topography by openness: A new application of image processing to digital elevation models},
  Author                   = {Yokoyama, R. and Shirasawa, M. and Pike, R.J.},
  Journal                  = {Photogrammetric Engineering \& Remote Sensing},
  Year                     = {2002},
  Number                   = {3},
  Pages                    = {251-266},
  Volume                   = {68}
}

@InProceedings{Bock-etal2007saga,
  Title                    = {\href{http://eusoils.jrc.ec.europa.eu/ESDB_Archive/eusoils_docs/esb_rr/EUR22646EN.pdf}{Methods for creating Functional Soil Databases and applying Digital Soil Mapping with {SAGA GIS}}},
  Author                   = {Bock, M. and Boehner, J. and Conrad, O. and Koethe, R. and Ringeler, A.},
  Booktitle                = {Status and prospect of soil information in south-eastern {E}urope: soil databases, projects and applications},
  Year                     = {2007},
  Address                  = {Luxemburg},
  Editor                   = {Hengl, T. and Panagos, P. and  Jones, A. and Toth, G.},
  Number                   = {EUR 22646 EN},
  Pages                    = {149-162},
  Publisher                = {Office for Official Publications of the European Communities},
  Series                   = {Scientific and Technical Research series}
}

@article{ZevenbergenThorne1987espl,
    author = {Zevenbergen, Lyle W. and Thorne, Colin R.},
    journal = {Earth Surface Processes and Landforms},
    number = {1},
    title = {\href{http://dx.doi.org/10.1002/esp.3290120107}{Quantitative analysis of land surface topography}},
    volume = {12},
    year = {1987}
}

@TechReport{Altermann-etal2001,
  Title                    = {Erarbeitung von betrieblichen Handlungsrichtlinien f{\"u}r  die schlagbezogene standortgerechte Bodenbewirtschaftung im Rahmen umweltschonender Produktionsverfahren},
  Author                   = {Altermann, M. and Steininger, M. and Rosche, O.},
  Institution              = {Mitteldeutsches Institut f{\"u}r angewandte Standortkunde und Bodenschutz (MSIB) im Auftrag des Ministeriums f{\"u}r Raumordnung, Landwirtschaft und Umwelt Sachsen-Anhalt},
  Year                     = {2001},

  Owner                    = {ProBoSA},
  Timestamp                = {2017.07.02}
}

@TechReport{Altermann-etal2003,
  Title                    = {Zur Ableitung der Bodenausbildung (Substrataufbau, Bodentyp) aus den Unterlagen der Bodensch{\"a}tzung (digitalisierte Grablochbeschriebe einschlie{\ss}lich r{\"a}umlicher Zuordnung) f{\"u}r das Land Sachsen-Anhalt},
  Author                   = {Altermann, M. and Steininger, M. and Rosche, O.},
  Institution              = {Mitteldeutsches Institut f{\"u}r angewandte Standortkunde und Bodenschutz (MSIB) im Auftrag des Landesamtes f{\"u}r Umweltschutz Sachsen-Anhalt},
  Year                     = {2003}
}

@Book{SchmidtDiemann1981,
  Title                    = {Erl{\"a}uterung zur Mittelma{\ss}st{\"a}bigen Landwirtschaftlichen Standortskartierung (MMK)},
  Author                   = {Schmidt, R and Diemann, R.},
  Publisher                = {Forschungszentrum f{\"u}r Bodenfruchtbarkeit M{\"u}ncheberg der Akademie der Landwirtschaftswissenschaften -- Bereich Bodenkunde/Fernerkundung},
  Year                     = {1981},
 Address                  = {Eberswalde},

  Owner                    = {ProBoSA},
  Timestamp                = {2017.07.28}
}

@InProceedings{KuehnMueller2009,
  Title                    = {Probleme der {I}nterpretation der {B}odensch{\"a}tzung bei der {K}artierung in {B}randenburg},
  Author                   = {K{\"u}hn, D. and M{\"u}ller, H.},
  Booktitle                = {Jahrestagung der Deutschen Bodenkundlichen Gesellschaft B{\"o}den},
  Year                     = {2009},
Address = {Bonn},
URL = {http://eprints.dbges.de/id/eprint/344}
}

@TechReport{Lieberoth-etal1993,
  Title                    = {Zuordnung der K{\"o}rnungsarten gem{"a}{\ss} TGL\,24300 in die Bodenartenansprache nach KA\,4},
  Author                   = {Lieberoth, I. and  Dunkelgold, P. and Gunia, W. and Altermann, M. and K{\"u}hn, D. and Thiere, J.},
  Institution              = {unver{\"o}ffentlicht},
  Year                     = {1993}
}

@Article{Haering-etal2012geoderma,
  Title                    = {Spatial disaggregation of complex soil map units: A decision-tree based approach in Bavarian forest soils},
  Author                   = {H\"{a}ring, Tim and Dietz, Elke and Osenstetter, Sebastian and Koschitzki, Thomas and Schr\"{o}der, Boris},
  Journal                  = {Geoderma},
  Year                     = {2012},
  Pages                    = {37-47},
  Volume                   = {185/186}
}

@TechReport{Schwanecke1993,
  Title                    = {Merkmalstabellen f{\"u}r Haupt- und Lokalbodenformen der forstlichen Standortserkundung (Bodenformenkatalog)},
  Author                   = {Schwanecke, W.},
  Institution              = {S{\"a}chsische Landesanstalt f{\"u}r Forsten},
  Year                     = {1993},
  Address                  = {Graupe}
}

@Book{TGL24300,
  Title                    = {Standortaufnahme von B{\"o}den/Aufnahme
landwirtschaftlich genutzter Standorte},
  Author                   = {{TGL 24300}},
  Publisher                = {Verlag f{\"u}r Standardisierung},
  Year                     = {1986},
  Address                  = {Leipzig},
  Editor = {Akademie der Landwirtschaftswissenschaften
der DDR}
}

@TechReport{geoflux_Schmidt-etal2009mlu,
  Title                    = {Qualifizierung von {D}aten der {B}odensch\"{a}tzung als {G}rundlage f\"{u}r gro{\ss}ma{\ss}st\"{a}bige {B}odenfunktionsbewertungen},
  Author                   = {Schmidt, Gerd and M\"{o}ller, Markus and Wurbs, Daniel and Rosche, Oliver and Steininger, Michael},
  Institution              = {Dokumentation im Auftrag des Ministeriums f\"{u}r Landwirtschaft und Umwelt des Landes Sachsen-Anhalt},
  Year                     = {2009},
  Address                  = {Halle (Saale), Germany}
}



@Article{Thiere-etal1991,
  Title                    = {Zur {B}eurteilung landwirtschaftlicher {N}utzfl{\"a}chen nach technologisch wirksamen {S}tandortbedingungen},
  Author                   = {Thiere, J. and Altermann, M. and Lieberoth, I. and Rau, D.},
  Journal                  = {Archiv f"ur Acker- und Pflanzenbau und Bodenkunde},
  Year                     = {1991},
  Pages                    = {171-183},
  Volume                   = {35}
}

@TechReport{ThiereAltermann1997b,
  author      = {Thiere, J. and Altermann, M.},
  title       = {Bestimmende K{\"o}rnungs- und Torfarten f{\"u}r ausgew{\"a}hlte Substrattypen als Kriterium zur inhaltlichen Kennzeichnung von Substrat-Fl{\"a}chentypen.},
  institution = {unver{\"o}ffentlicht},
  year        = {1997},
}

@Article{ThiereAltermann1997a,
  Title                    = {Vergleichende {S}tandortbeurteilung als {V}oraussetzung f{\"u}r {B}odenbewertungen},
  Author                   = {Thiere, J. and Altermann, M.},
  Journal                  = {Mitteilungen der Deutschen Bodenkundlichen Gesellschaft},
  Year                     = {1997},
  Pages                    = {1625-1628},
  Volume                   = {85},
  Owner                    = {ProBoSA},
  Timestamp                = {2017.07.02}
}

@Article{Thiere-etal1997,
  Title                    = {Nutzung von {F}l{\"a}chentypen zur {T}ransformation von {B}odenparametern},
  Author                   = {Thiere, J. and Altermann, M. and Schindler, U. and Steininger, M.},
  Journal                  = {Mitteilungen der Deutschen Bodenkundlichen Gesellschaft},
  Year                     = {1997},
  Pages                    = {1128-1131},
  Volume                   = {91}
}

@InProceedings{Thiere-etal2000,
  Title                    = {Nutzung von {F}l{\"a}chentypen zur arealbezogenen Transformation von Bodenwasserhaushaltsgr{\"o}{\ss}en},
  Author                   = {Thiere, J. and Altermann, M. and Schindler, U.},
  Booktitle                = {Boden -- Objekt menschlicher Nutzung und Forschung},
    Series = {Horizonte -- Herrenh{\"a}user Forschungsbeitr{\"a}ge zur Bodenkunde},
  Year                     = {2000},
  Editor                   = {Bauriegel, A. and Ilsemann, J. and Michel, C. and van der Ploeg, R.},
  Pages                    = {163-181},
  Volume                   = {3}
}

@Article{Guisan-etal1999pe,
  Title                    = {{GLM} versus {CCA} spatial modeling of plant species distribution},
  Author                   = {Guisan, Antoine
and Weiss, Stuart B.
and Weiss, Andrew D.},
  Journal                  = {Plant Ecology},
  Year                     = {1999},
  Number                   = {1},
  Pages                    = {107-122},
  Volume                   = {143}
}

@Article{Conrad-etal2015gmd,
AUTHOR = {Conrad, O. and Bechtel, B. and Bock, M. and Dietrich, H. and Fischer, E. and Gerlitz, L. and Wehberg, J. and Wichmann, V. and B{\"o}hner, J.},
TITLE = {System for Automated Geoscientific Analyses (SAGA) v. 2.1.4},
JOURNAL = {Geoscientific Model Development},
VOLUME = {8},
YEAR = {2015},
NUMBER = {7},
PAGES = {1991-2007}
}

@InProceedings{BoehnerSelige2006saga,
  Title                    = {\href{https://sourceforge.net/projects/saga-gis/files/SAGA%20-%20Documentation/GGA115/gga115_02.pdf}{Spatial prediction of soil attributes using terrain analysis and climate regionalisation}},
  Author                   = {Boehner, J. and Selige, T.},
  Booktitle                = {{SAGA} -- Analysis and Modelling Applications},
  Year                     = {2006},
  Address                  = {G{\"o}ttingen, Germany},
  Editor                   = {Boehner, J. and McCloy, K.R. and Strobl, J.},
  Pages                    = {13-28},
  Publisher                = {University of G{\"o}ttingen},
  Series                   = {G{\"o}ttinger Geographische Abhandlungen},
  Volume                   = {115}
}



@Book{HelbigMoellerSchmidt2010,
  Title                    = {\href{http://www.bvb-materialien.de/aktuellerband.html}{Bodenerosion durch Wasser in Sachsen-Anhalt}},
  Author                   = {Helbig, Henrik and M\"{o}ller, Markus and Schmidt, Gerd},
  Editor                   = {Bundesverband Boden},
  Publisher                = {Erich Schmidt Verlag, ISBN 978-3-503-12498-5},
  Year                     = {2010},

  Address                  = {Berlin},
  Series                   = {BVB-Materialien},
  Volume                   = {15}
}




@Book{MoellerHelbig2005,
  Title                    = {{GIS}-gest\"{u}tzte Bewertung von Bodenfunktionen -- Datengrundlagen und L\"{o}sungsans{\"a}tze},
  Author                   = {M\"{o}ller, Markus and Helbig, Henrik},
  Publisher                = {Wichmann},
  Year                     = {2005},
  Address                  = {Heidelberg}
}

@TechReport{geoflux_MoellerKoschitzki2007lagb,
  Title                    = {Qualit{\"a}tsverbesserung der Vorl{\"a}ufigen Bodenkarte 1:50.000 (VBK 50)},
  Author                   = {M\"{o}ller, Markus and Koschitzki, Thomas},
  Institution              = {geoflux GbR im Auftrag des Landesamtes f{\"u}r Geologie und Bergwesen Sachsen-Anhalt (LAGB)},
  Year                     = {2007},
  Address                  = {Halle (Saale)},
  Owner                    = {ProBoSA},
  Timestamp                = {2015.08.04}
}

@Article{Moeller-etal2012catena,
  Title                    = {Plausibility test of conceptual soil maps using relief parameters},
  Author                   = {M\"{o}ller, Markus and Koschitzki, Thomas and Hartmann, Klaus-J\"{o}rg and Jahn, Reinhold},
  Journal                  = {CATENA},
  Year                     = {2012},
  Number                   = {1},
  Pages                    = {57-67},
  Volume                   = {88}
}

@TechReport{geoflux_Moeller-etal2009lau,
  Title                    = {Vervollst\"{a}ndigung, Spezifizierung und Validierung der gebietsweise vorliegenden Bodenprognosekarte f\"{u}r die Elbe-\"{U}berschwemmungsgebiete},
  Author                   = {M\"{o}ller, Markus and Koschitzki, Thomas and Kastler, Michael and Hartmann, Klaus-J\"{o}rg and Jahn, Reinhold},
  Institution              = {Landesamtes f\"{u}r Umweltschutz Sachsen-Anhalt; Ansprechpartner: Ursula Anacker},
  Year                     = {2009},

  Address                  = {Halle (Saale)}
}

@Electronic{SpatialReference2016,
  Title                    = {Catalogs of Spatial Reference Systems},
  Author                   = {{Spatialreference}},
  URL = {http://www.spatialreference.org},
  Year                     = {2016}
}

@TechReport{geoflux_Moeller-etal2007tlug,
  Title                    = {Prognose der Bodenverbreitung aus vorhandenen Kartierungs- und Geobasisdaten f{\"u}r den Freistaat Th{\"u}ringen},
  Author                   = {M\"{o}ller, Markus and and Koschitzki, Thomas and Steininger, Michael and Rosche, Oliver},
  Institution              = {Th{\"u}ringer Landesanstalt f{\"u}r Geologie und Umwelt (TLUG); Ansprechpartner: Frank Reinhardt},
  Year                     = {2007},

  Address                  = {Weimar}
}

@TechReport{geoflux_Moeller-etal2007lgbr,
  Title                    = {Potentielle Erosionsgef{\"a}hrdung durch Wind und Wasser im Land Brandenburg},
  Author                   = {M\"{o}ller, Markus and Koschitzki, Thomas and Wurbs, Daniel},
  Institution              = {Landesamt f{\"u}r Bergbau, Geologie und Rohstoffe Brandenburg (LGBR); Ansprechpartner: Dr. Dieter K{\"u}hn},
  Year                     = {2008},

  Address                  = {Halle (Saale)},

  Owner                    = {ProBoSA},
  Timestamp                = {2015.08.02}
}

@TechReport{geoflux_Moeller-etal2008lung,
  Title                    = {Aufbereitung des DGM 25, Ableitung von Reliefparametern und Modellierung der Wasser- und Winderosion im Land Mecklenburg-Vorpommern},
  Author                   = {M\"{o}ller, Markus and Koschitzki, Thomas and Wurbs, Daniel},
  Institution              = {Landesamt f{\"u}r Umwelt, Naturschutz und Geologie (LUNG) Mecklenburg-Vorpommern; Ansprechpartner: Frank Idler},
  Year                     = {2008},

  Address                  = {Halle (Saale)},

  Owner                    = {ProBoSA},
  Timestamp                = {2015.08.02}
}

@InBook{Krol-etal2006,
  chapter   = {Ontology-based Multi-source Data Integration for Digital Soil Mapping},
  pages     = {119-133},
  title     = {Digital Soil Mapping},
  publisher = {Elsevier},
  year      = {2006},
  author    = {B. Krol and D.G. Rossiter and W. Siderius},
  editor    = {P. Lagacherie and A.B. McBratney and M. Voltz},
  number    = {31},
  series    = {Developments in Soil Science},
  address   = {Amsterdam},
}

@InBook{Rossiter2008,
  chapter   = {Digital Soil Mapping as a Component of Data Renewal for Areas with Sparse Soil Data Infrastructures},
  pages     = {69-80},
  title     = {Digital Soil Mapping with Limited Data},
  publisher = {Springer},
  year      = {2008},
  author    = {D.G. Rossiter},
  editor    = {A.E. Hartemink and A. McBratney and M. de Lourdes Mendon?a-Santos},
  address   = {Heidelberg}
}

@Article{Moeller2007311,
  Title                    = {\href{https://dl.dropboxusercontent.com/u/108263707/_articles/Moeller-etal2007jag.pdf}{The comparison index: A tool for assessing the accuracy of image segmentation}},
  Author                   = {M\"{o}ller, Markus and Lymburner, Leo and Volk, Martin},
  Journal                  = {International Journal of Applied Earth Observation and Geoinformation},
  Year                     = {2007},
  Number                   = {3},
  Pages                    = {311-321},
  Volume                   = {9}
}

@Article{MoellerVolk2015geoderma,
  author   = {Markus Möller and Martin Volk},
  title    = {Effective map scales for soil transport processes and related process domains -- {S}tatistical and spatial characterization of their scale-specific inaccuracies},
  journal  = {Geoderma},
  year     = {2015},
  volume   = {247-248},
  pages    = {151-160}
  }

@Article{Moeller-etal2008jpnss,
  Title                    = {Placing soil-genesis and transport processes into a landscape context: A multiscale terrain-analysis approach},
  Author                   = {M\"{o}ller, Markus and Volk, Martin and Friedrich, Klaus and Lymburner, Leo},
  Journal                  = {Journal of Plant Nutrition and Soil Science},
  Year                     = {2008},
  Number                   = {3},
  Pages                    = {419-430},
  Volume                   = {171}
}


@Book{KA3,
Author = {{AG Bodenkunde}},
title = {Bodenkundliche Kartieranleitung KA\,3},
address = {Hannover},
editor = {Bundesanstalt f{\"u}r Geowissenschaften und Rohstoffe und Geologische Landes{\"a}mter},
year = {1982},
note={3. Auflage}
}

@Book{KA4,
Author = {{AG Boden}},
title = {Bodenkundliche Kartieranleitung KA\,4},
publisher = {Bundesanstalt f{\"u}r Geowissenschaften und Rohstoffe und Geologische Landes{\"a}mter},
address = {Hannover},
year = {1994},
note={4. Auflage}
}

@Book{KA5,
Author = {{Ad-hoc-AG Boden}},
title = {Bodenkundliche Kartieranleitung KA\,5},
publisher = {Schweizerbart Science Publishers},
address = {Stuttgart},
year = {2005},
note={5. Auflage}
}

@BOOK{Stein1999,
  title = {Interpolation of Spatial Data: Some Theory for Kriging},
  publisher = {Springer New York},
  year = {1999},
  author = {Stein, M.L.},
  series = {Springer Series in Statistics},
  isbn = {9780387986296},
  lccn = {98044772},
  owner = {Gerstmann},
  timestamp = {2014.10.21}
}
@TechReport{ScholtenBehrensHenningsen2001,
  author      = {Scholten, T. and Behrens, T. and Henningsen, P.F.},
  title       = {Synthetische {K}onzeptbodenkarte f{\"u}r das {G}ebiet des {O}stharzes},
  institution = {Dokumentationsbericht im Auftrag des Landesamtes f{\"u}r Geologie und Bergwesen Sachsen-Anhalt},
  year        = {2001}
}

@TechReport{BehrensScholten2003a,
  author      = {Behrens, T. and Scholten, T.},
  title       = {Synthetische Konzeptbodenkarte f{\"u}r das Schwarzerdegebiet in Sachsen-Anhalt},
  institution = {Dokumentationsbericht im Auftrag des Landesamtes f{\"u}r Geologie und Bergwesen Sachsen-Anhalt},
  year        = {2003}
}

@TechReport{BehrensScholten2003b,
  author      = {Behrens, T. and Scholten, T.},
  title       = {Entwicklung einer Bodenprognosekarte f{\"u}r das Gebiet Schwarze Elster unter Nutzung eines K{\"u}nstlichen Neuronalen Netzes},
  institution = {Dokumentationsbericht im Auftrag des Landesamtes f{\"u}r Geologie und Bergwesen Sachsen-Anhalt},
  year        = {2003},
  subtitle    = {Dokumentationsbericht},
}

@PhdThesis{Wallbaum1991,
  author      = {Wallbaum, E.},
  title       = {Ableitung von Informationen zur Bodenkartierung aus Ergebnissen der Reichsbodensch{\"a}tzung},
  institution = {Humboldt-Universit{\"a}t Berlin},
  year        = {1991},
}

@Comment{jabref-meta: databaseType:biblatex;}
